@book{counterexamples-in-topology,
    author = {Steen, Lynn A. and Seebach, Arthur J.},
    day = {22},
    howpublished = {Paperback},
    isbn = {048668735X},
    month = sep,
    publisher = {{Dover Publications}},
    title = {{Counterexamples in Topology}},
    year = {1995}
}
@misc{wikipedia,
  author = {Wikipedia},
  title = {Wikipedia},
  note = {\url{http://en.wikipedia.org}},
  year = {2011},
}
